@article{jauchhill,
  title={On the problem of degeneracy in quantum mechanics},
  author={Jauch, J.M. and Hill, E.L.},
  journal={Physical Review},
  volume={57},
  number={7},
  pages={641},
  year={1940},
  publisher={APS}
}

@article{ttw1,
  title={An infinite family of solvable and integrable quantum systems on a plane},
  author={Tremblay, F. and Turbiner, A. V. and Winternitz, P.},
  journal={Journal of Physics A: Mathematical and Theoretical},
  volume={42},
  number={24},
  pages={242001},
  year={2009},
  publisher={IOP Publishing}
}

@article{ttw2,
  title={Periodic orbits for an infinite family of classical superintegrable systems},
  author={Tremblay, F. and Turbiner, A. V. and Winternitz, P.},
  journal={Journal of Physics A: Mathematical and Theoretical},
  volume={43},
  number={1},
  pages={015202},
  year={2009},
  publisher={IOP Publishing}
}

@article{gubbiottilatini,
  title={A multiple scales approach to maximal superintegrability},
  author={Gubbiotti, G. and Latini, D.},
  journal={Journal of Physics A: Mathematical and Theoretical},
  year={2018},
  publisher={IOP Publishing}
}

@article{bertrand,
  title={Th{\'e}oreme relatif au mouvement d’un point attir{\'e} vers un centre fixe},
  author={Bertrand, J.},
  journal={CR Acad. Sci},
  volume={77},
  number={849-853},
  pages={2},
  year={1873}
}

@book{arnold,
  title={Mathematical methods of classical mechanics},
  author={Arnold, V. I.},
  year={2013},
  publisher={Springer Science \& Business Media}
}

@book{goldstein,
  title={Classical mechanics},
  author={Goldstein, H. and Poole, C. P. and Safko, J.},
  year={2011},
  publisher={Pearson Education India}
}


@book{landau,
  title={Curso de física teórica. Volumen 1: Mecánica},
  author={Landau, L. D. and Lifshitz, E. M.},
  year={1985},
  publisher={Editorial Reverté, S. A.}
}

@book{spivak,
  title={Physics for mathematicians: Mechanics I},
  author={Spivak, M.},
  year={2010},
  publisher={Publish or Perish}
}

@article{gonera,
  title={On the superintegrability of {TTW} model},
  author={Gonera, C.},
  journal={Physics Letters A},
  volume={376},
  number={35},
  pages={2341--2343},
  year={2012},
  publisher={Elsevier}
}

@book{abraham,
  title={Foundations of mechanics},
  author={Abraham, R. and Marsden, J. E.},
  volume={36},
  year={1978},
  publisher={Benjamin/Cummings Publishing Company Reading, Massachusetts}
}

@article{fradkin,
  title={Three-dimensional isotropic harmonic oscillator and {SU}(3)},
  author={Fradkin, D. M.},
  journal={American Journal of Physics},
  volume={33},
  number={3},
  pages={207--211},
  year={1965},
  publisher={AAPT}
}

@article{miller,
  title={Classical and quantum superintegrability with applications},
  author={Miller Jr, W. and Post, S. and Winternitz, P.},
  journal={Journal of Physics A: Mathematical and Theoretical},
  volume={46},
  number={42},
  pages={423001},
  year={2013},
  publisher={IOP Publishing}
}

