@book{arnold,
  title={Mathematical {M}ethods of {C}lassical {M}echanics},
  author={Arnold, V. I.},
  year={2013},
  publisher={Springer Science \& Business Media}
}

@article{ttw1,
  title={An infinite family of solvable and integrable quantum systems on a plane},
  author={Tremblay, F. and Turbiner, A. V. and Winternitz, P.},
  journal={J. Phys. A: Math. Theor.},
  volume={42},
  pages={242001},
  year={2009},
  publisher={IOP Publishing}
}

@article{gonera,
  title={On the superintegrability of {TTW} model},
  author={Gonera, C.},
  journal={Phys. Lett. A},
  volume={376},
  pages={2341--2343},
  year={2012},
  publisher={Elsevier}
}

@unpublished{burgos,
  title={``On classical harmonic oscillators and their generalizations''},
  author={Rodríguez, M. A. and Sampedro, A. and Tempesta, P.},
  note={{W}orkshop on Nonlinear Integrable Systems. Burgos (Spain). October 20-22, 2016},
}

@article{ranada,
  title={The {T}remblay--{T}urbiner--{W}internitz system on spherical and hyperbolic spaces: superintegrability, curvature-dependent formalism and complex factorization},
  author={Rañada, M. F.},
  journal={J. Phys. A: Math. Theor.},
  volume={47},
  pages={165203},
  year={2014},
  publisher={IOP Publishing}
}


