IMPORTANT!! Don't make changes to this file without making the
	    corresponding changes to
			physjabb.btx
			physjful.btx
			physjful.bib

@STRING{advp="Adv. Phys."}
@STRING{ajp="Am. J. Phys."}
@STRING{ao="Appl. Opt."}
@STRING{ap="Ann. Phys."}
@STRING{apj="Astrophys. J."}
@STRING{apl="Appl. Phys. Lett."}
@STRING{baps="Bull. Am. Phys. Soc."}
@STRING{cpc="Computer Phys. Comm."}
@STRING{cppcf="Comments Plasma Phys. Controlled Fusion"}
@STRING{el="Europhys. Lett."}
@STRING{fed="Fusion Eng. Design"}
@STRING{ft="Fusion Tech."}
@STRING{ieeens="IEEE Trans. Nucl. Sci."}
@STRING{ieeeps="IEEE Trans. Plasma Sci."}
@STRING{ijimw="Int. J. Infrared Millimeter Waves"}
@STRING{ip="Infrared Phys."}
@STRING{jap="J. Appl. Phys."}
@STRING{jchp="J. Chem. Phys."}
@STRING{jcop="J. Comput. Phys."}
@STRING{jcp="J. Comput. Phys."}
@STRING{jetp="Sov. Phys.-JETP"}
@STRING{jfe="J. Fusion Energy"}
@STRING{jfm="J. Fluid Mech."}
@STRING{jgr="J. Geophys. Res."}
@STRING{jmp="J. Math. Phys."}
@STRING{jne="J. Nucl. Energy"}
@STRING{jnec="J. Nucl. Energy, Part~C"}
@STRING{jnm="J. Nucl. Mater."}
@STRING{josa="J. Opt. Soc. Am."}
@STRING{jpa="J. Phys.~A: Math. Gen."}
@STRING{jpp="J. Plasma Phys."}
@STRING{jpsj="J. Phys. Soc. Jpn"}
@STRING{jsp="J. Stat. Phys."}
@STRING{jvst="J. Vac. Sci. Technol."}
@STRING{nedf="Nucl. Eng. Design/Fusion"}
@STRING{nf="Nucl. Fusion"}
@STRING{nim="Nucl. Instrum. Methods"}
@STRING{nimpr="Nucl. Instrum. Methods Phys. Research"}
@STRING{nt/f="Nucl. Tech./Fusion"}
@STRING{phy="Physica"}
@STRING{phya="Physica~A"}
@STRING{phyd="Physica~D"}
@STRING{pf="Phys. Fluids"}
@STRING{pfa="Phys. Fluids~A"}
@STRING{pfb="Phys. Fluids~B"}
@STRING{pl="Phys. Lett."}
@STRING{pla="Phys. Lett.~A"}
@STRING{pnas="Proc. Nat. Acad. Sci. USA"}
@STRING{pp="Plasma Phys."}
@STRING{ppcf="Plasma Phys. Controlled Fusion"}
@STRING{pr="Phys. Rev."}
@STRING{pra="Phys. Rev.~A"}
@STRING{prl="Phys. Rev. Lett."}
@STRING{ps="Physica Scripta"}
@STRING{rmp="Rev. Mod. Phys."}
@STRING{rsi="Rev. Sci. Instrum."}
@STRING{sjpp="Sov. J. Plasma Phys."}
@STRING{spd="Sov. Phys.-Dokl."}
@STRING{sptp="Sov. Phys.-Tech. Phys."}
@STRING{spu="Sov. Phys.-Usp."}
